@article{liu,
  author = {Haifeng Liu and Zheng Hu and Ahmad Mian and Hui Tian and Xuzhen Zhu},
  title = {A new user similarity model to improve the accuracy of collaborative filtering},
  journal = {Knowledge-Based Systems},
  publisher = {ScienceDirect},
  pages = {156--166},
  year = {2014},
}

@misc{andrew-ng:ml,
  author = {Andrew Ng},
  title = {{Machine Learning [Video lectures]}},
  howpublished = {\url{https://www.coursera.org/learn/machine-learning}},
  note = {[Retrieved July, 2016]},
}

@misc{wiki:logistic,
  title = {{Logistic Regression. (n.d.). In \emph{Wikipedia}}},
  note = {[Retrieved July 23, 2016]},
  howpublished = {\url{https://en.wikipedia.org/wiki/Logistic_regression}},
}

@inproceedings{dataset,
  author    = {Maas, Andrew L.  and  Daly, Raymond E.  and  Pham, Peter T.  and  Huang, Dan  and  Ng, Andrew Y.  and  Potts, Christopher},
  title     = {Learning Word Vectors for Sentiment Analysis},
  booktitle = {Proceedings of the 49th Annual Meeting of the Association for Computational Linguistics: Human Language Technologies},
  month     = {6},
  year      = {2011},
  address   = {Portland, Oregon, USA},
  publisher = {Association for Computational Linguistics},
  pages     = {142--150},
  url       = {http://www.aclweb.org/anthology/P11-1015}
}

@booklet{ekstrand,
  author = {Michael D. Ekstrand and John T. Riedl and Joseph A. Konstan},
  title = {Collaborative Filtering Recommender Systems},
  year = {2010},
}

@inproceedings{richi,
  Location = {Seattle, WA},
  Author = {Socher, Richard  and  Perelygin, Alex  and  Wu, Jean  and  Chuang,
    Jason  and  Manning, Christopher D.  and  Ng, Andrew Y.  and  Potts,
    Christopher},
  Booktitle = {Proceedings of the 2013 Conference on {E}mpirical {M}ethods in
    {N}atural {L}anguage {P}rocessing},
  Month = {October},
  Publisher = {Association for Computational Linguistics},
  Address = {Stroudsburg, PA},
  Title = {Recursive Deep Models for Semantic Compositionality Over a Sentiment Treebank},
  Pages = {1631--1642},
  Year = {2013}
}

@misc{hoori,
  title={Online Shopping},
  year={2008},
  author={Horrigan, J.A.},
  howpublished={\url{http://www.pewinternet.org/2008/02/13/online-shopping}}
}

@article{wordvec,
  added-at = {2013-10-23T23:02:12.000+0200},
  author = {Mikolov, Tomas and Chen, Kai and Corrado, Greg and Dean, Jeffrey},
  biburl = {https://www.bibsonomy.org/bibtex/29665b85e8756834ac29fcbd2c6ad0837/wool},
  ee = {http://arxiv.org/abs/1301.3781},
  interhash = {e92df552b17e9f952226a893b84ad739},
  intrahash = {9665b85e8756834ac29fcbd2c6ad0837},
  journal = {CoRR},
  keywords = {nlp},
  timestamp = {2013-10-23T23:02:12.000+0200},
  title = {Efficient Estimation of Word Representations in Vector Space},
  url = {http://dblp.uni-trier.de/db/journals/corr/corr1301.html#abs-1301-3781},
  volume = {abs/1301.3781},
  year = 2013
}

@inproceedings{panglee2005,
  added-at = {2008-12-19T16:59:50.000+0100},
  address = {Morristown, NJ, USA},
  author = {Pang, Bo and Lee, Lillian},
  biburl = {https://www.bibsonomy.org/bibtex/2f925c7db34159cdf52dce01bd3aea46e/mkroell},
  booktitle = {ACL '05: Proceedings of the 43rd Annual Meeting on Association for Computational Linguistics},
  description = {Seeing stars},
  doi = {http://dx.doi.org/10.3115/1219840.1219855},
  interhash = {60737e48851552e1b148d227e1d9dc85},
  intrahash = {f925c7db34159cdf52dce01bd3aea46e},
  keywords = {SentimentAnalysis},
  location = {Ann Arbor, Michigan},
  pages = {115--124},
  publisher = {Association for Computational Linguistics},
  timestamp = {2009-01-14T15:01:11.000+0100},
  title = {Seeing stars: exploiting class relationships for sentiment categorization with respect to rating scales},
  url = {http://portal.acm.org/citation.cfm?id=1219855},
  year = 2005
}

@inproceedings{paravec,
  author = {Le, Quoc V. and Mikolov, Tomas},
  booktitle = {ICML},
  pages = {1188-1196},
  publisher = {JMLR.org},
  series = {JMLR Workshop and Conference Proceedings},
  title = {Distributed Representations of Sentences and Documents.},
  url = {http://dblp.uni-trier.de/db/conf/icml/icml2014.html#LeM14},
  volume = 32,
  year = 2014
}

@InProceedings{imdb-dataset,
  author    = {Maas, Andrew L.  and  Daly, Raymond E.  and  Pham, Peter T.  and  Huang, Dan  and  Ng, Andrew Y.  and  Potts, Christopher},
  title     = {Learning Word Vectors for Sentiment Analysis},
  booktitle = {Proceedings of the 49th Annual Meeting of the Association for Computational Linguistics: Human Language Technologies},
  month     = {June},
  year      = {2011},
  address   = {Portland, Oregon, USA},
  publisher = {Association for Computational Linguistics},
  pages     = {142--150},
  url       = {http://www.aclweb.org/anthology/P11-1015}
}

@article{adagrad,
 author = {Duchi, John and Hazan, Elad and Singer, Yoram},
 title = {Adaptive Subgradient Methods for Online Learning and Stochastic Optimization},
 journal = {J. Mach. Learn. Res.},
 issue_date = {2/1/2011},
 volume = {12},
 month = jul,
 year = {2011},
 issn = {1532-4435},
 pages = {2121--2159},
 numpages = {39},
 url = {http://dl.acm.org/citation.cfm?id=1953048.2021068},
 acmid = {2021068},
 publisher = {JMLR.org},
}

@article{rs-review,
  title = "Recommendation systems: Principles, methods and evaluation",
  journal = "Egyptian Informatics Journal",
  volume = "16",
  number = "3",
  pages = "261 - 273",
  year = "2015",
  note = "",
  issn = "1110-8665",
  doi = "http://dx.doi.org/10.1016/j.eij.2015.06.005",
  url = "http://www.sciencedirect.com/science/article/pii/S1110866515000341",
  author = "F.O. Isinkaye and Y.O. Folajimi and B.A. Ojokoh",
  keywords = "Collaborative filtering",
  keywords = "Content-based filtering",
  keywords = "Hybrid filtering technique",
  keywords = "Recommendation systems",
  keywords = "Evaluation"
}

@article{ml-dataset,
 author = {Harper, F. Maxwell and Konstan, Joseph A.},
 title = {The MovieLens Datasets: History and Context},
 journal = {ACM Trans. Interact. Intell. Syst.},
 issue_date = {January 2016},
 volume = {5},
 number = {4},
 month = dec,
 year = {2015},
 issn = {2160-6455},
 pages = {19:1--19:19},
 articleno = {19},
 numpages = {19},
 url = {http://doi.acm.org/10.1145/2827872},
 doi = {10.1145/2827872},
 acmid = {2827872},
 publisher = {ACM},
 address = {New York, NY, USA},
 keywords = {Datasets, MovieLens, ratings, recommendations},
}
